<record><leader>00000cas a22000007a 4500</leader><controlfield tag="001">33489321</controlfield><controlfield tag="008">951116d19051918okuwr n       0    0eng d</controlfield><datafield ind1=" " ind2=" " tag="010"><subfield code="a">sn 95076315 </subfield></datafield><datafield ind1=" " ind2=" " tag="040"><subfield code="a">OBN</subfield><subfield code="b">eng</subfield><subfield code="c">OBN</subfield><subfield code="d">OCLCQ</subfield><subfield code="d">OCLCF</subfield><subfield code="d">OCLCO</subfield></datafield><datafield ind1="1" ind2=" " tag="029"><subfield code="a">AU@</subfield><subfield code="b">000025857085</subfield></datafield><datafield ind1=" " ind2=" " tag="042"><subfield code="a">msc</subfield></datafield><datafield ind1="0" ind2="0" tag="245"><subfield code="a">Broken Arrow democrat.</subfield></datafield><datafield ind1="3" ind2=" " tag="246"><subfield code="a">Democrat</subfield></datafield><datafield ind1=" " ind2=" " tag="260"><subfield code="a">Broken Arrow, I.T. [Okla.] :</subfield><subfield code="b">John E. Wells</subfield></datafield><datafield ind1=" " ind2=" " tag="300"><subfield code="a">v.</subfield></datafield><datafield ind1=" " ind2=" " tag="310"><subfield code="a">Weekly</subfield></datafield><datafield ind1="0" ind2=" " tag="362"><subfield code="a">Vol. 1, no. 1 (Sep. 8, 1905)-v. 13, no. 30 (Mar. 29, 1918).</subfield></datafield><datafield ind1=" " ind2="0" tag="651"><subfield code="a">Broken Arrow (Okla.)</subfield><subfield code="v">Newspapers.</subfield></datafield><datafield ind1=" " ind2="0" tag="651"><subfield code="a">Tulsa County (Okla.)</subfield><subfield code="v">Newspapers.</subfield></datafield><datafield ind1=" " ind2="0" tag="651"><subfield code="a">Indian Territory</subfield><subfield code="v">Newspapers.</subfield></datafield><datafield ind1=" " ind2="7" tag="655"><subfield code="a">Newspapers.</subfield><subfield code="2">fast</subfield><subfield code="0">(OCoLC)fst01423814</subfield></datafield><datafield ind1=" " ind2="7" tag="651"><subfield code="a">Oklahoma</subfield><subfield code="z">Broken Arrow.</subfield><subfield code="2">fast</subfield><subfield code="0">(OCoLC)fst01236703</subfield></datafield><datafield ind1=" " ind2="7" tag="651"><subfield code="a">Oklahoma</subfield><subfield code="z">Indian Territory.</subfield><subfield code="2">fast</subfield><subfield code="0">(OCoLC)fst01225150</subfield></datafield><datafield ind1=" " ind2="7" tag="651"><subfield code="a">Oklahoma</subfield><subfield code="z">Tulsa County.</subfield><subfield code="2">fast</subfield><subfield code="0">(OCoLC)fst01220997</subfield></datafield><datafield ind1=" " ind2=" " tag="752"><subfield code="a">United States</subfield><subfield code="b">Oklahoma</subfield><subfield code="c">Tulsa</subfield><subfield code="d">Broken Arrow.</subfield></datafield><datafield ind1="0" ind2="7" tag="785"><subfield code="t">Broken Arrow ledger (Broken Arrow, Okla. : 1903)</subfield><subfield code="w">(DLC)sn 95076313</subfield><subfield code="w">(OCoLC)33482736</subfield></datafield><datafield ind1="0" ind2="7" tag="785"><subfield code="t">Ledger-democrat (Broken Arrow, Okla.)</subfield><subfield code="w">(DLC)sn 95076316</subfield><subfield code="w">(OCoLC)33490539</subfield></datafield></record>